<?xml version="1.0" encoding="UTF-8"?><collection xmlns="http://www.loc.gov/MARC21/slim"><record><leader>00620nam--2200217-i-4500</leader><controlfield tag="001">000009581</controlfield><controlfield tag="002">20161230</controlfield><controlfield tag="005">20161230201028</controlfield><controlfield tag="008">060222s1000------------r-----000-0-rus-d</controlfield><datafield ind1=" " ind2=" " tag="040"><subfield code="a">IFIN-HH</subfield></datafield><datafield ind1=" " ind2=" " tag="041"><subfield code="a">rus</subfield></datafield><datafield ind1=" " ind2=" " tag="080"><subfield code="a">530.1:535</subfield></datafield><datafield ind1="1" ind2=" " tag="100"><subfield code="a">Jenkins, William M</subfield></datafield><datafield ind1="1" ind2="0" tag="245"><subfield code="a">Spektralnii analiz i ego prilojenia</subfield><subfield code="c">William m. jenkins, donald g. watts</subfield></datafield><datafield ind1=" " ind2=" " tag="260"><subfield code="a">Moskva</subfield><subfield code="b">Mir</subfield><subfield code="c">1971</subfield></datafield><datafield ind1=" " ind2=" " tag="300"><subfield code="a">2 volume</subfield></datafield><datafield ind1=" " ind2=" " tag="500"><subfield code="a">Titlul original in limba engleza: SPECTRAL ANALYSIS AND ITS APPLICATIONS</subfield></datafield><datafield ind1="1" ind2=" " tag="700"><subfield code="a">Watts, Donald G</subfield></datafield><datafield ind1="0" ind2=" " tag="787"><subfield code="a">Vipusk 2</subfield><subfield code="h">287 p</subfield></datafield><datafield ind1=" " ind2=" " tag="852"><subfield code="a">36317</subfield><subfield code="c">535</subfield></datafield><datafield ind1=" " ind2=" " tag="CAT"><subfield code="a">Sys</subfield><subfield code="c">20101102</subfield><subfield code="h">084329</subfield></datafield></record></collection>